<record><leader>00000cas a22000007a 4500</leader><controlfield tag="001">8805026</controlfield><controlfield tag="008">820924d18281861gauwr ne      0   a0eng  </controlfield><controlfield tag="009">466</controlfield><datafield ind1=" " ind2=" " tag="010"><subfield code="a">sn 82014931 </subfield></datafield><datafield ind1=" " ind2=" " tag="040"><subfield code="a">DLC</subfield><subfield code="b">eng</subfield><subfield code="c">DLC</subfield><subfield code="d">NPV</subfield><subfield code="d">NPY</subfield><subfield code="d">NPX</subfield><subfield code="d">DLC</subfield><subfield code="d">NYS</subfield><subfield code="d">NLG</subfield><subfield code="d">YOX</subfield><subfield code="d">NLG</subfield><subfield code="d">CNK</subfield><subfield code="d">NVF</subfield><subfield code="d">FUG</subfield><subfield code="d">NVK</subfield><subfield code="d">DLC</subfield><subfield code="d">OCL</subfield><subfield code="d">GUA</subfield><subfield code="d">KRTAS</subfield><subfield code="d">DLC</subfield><subfield code="d">OCLCF</subfield><subfield code="d">OCLCA</subfield></datafield><datafield ind1="1" ind2=" " tag="029"><subfield code="a">AU@</subfield><subfield code="b">000026353743</subfield></datafield><datafield ind1=" " ind2=" " tag="042"><subfield code="a">msc</subfield></datafield><datafield ind1=" " ind2=" " tag="043"><subfield code="a">n-us-ga</subfield></datafield><datafield ind1="0" ind2="0" tag="050"><subfield code="a">Newspaper</subfield></datafield><datafield ind1="0" ind2=" " tag="130"><subfield code="a">Columbus enquirer (Columbus, Ga. : 1828)</subfield></datafield><datafield ind1="1" ind2="0" tag="245"><subfield code="a">Columbus enquirer.</subfield></datafield><datafield ind1="1" ind2="3" tag="246"><subfield code="a">Weekly Enquirer</subfield></datafield><datafield ind1=" " ind2=" " tag="260"><subfield code="a">Columbus, Ga. :</subfield><subfield code="b">Mirabeau B. Lamar,</subfield><subfield code="c">[1828-1861]</subfield></datafield><datafield ind1=" " ind2=" " tag="300"><subfield code="a">v. ;</subfield><subfield code="c">68 cm.</subfield></datafield><datafield ind1=" " ind2=" " tag="310"><subfield code="a">Weekly</subfield></datafield><datafield ind1="0" ind2=" " tag="362"><subfield code="a">Vol. 1, no. 1 (Apr. 29, 1828)-</subfield></datafield><datafield ind1="1" ind2=" " tag="362"><subfield code="a">Ceased in 1861.</subfield></datafield><datafield ind1=" " ind2=" " tag="500"><subfield code="a">Publishers: Mirabeau B. Lamar, &lt;1828&gt;; M.B. Lamar &amp; R.T. Marks, &lt;1830&gt;; Van Ness, Bethune &amp; Lewis, &lt;1831&gt;; Van Ness, Bethune &amp; Cline, &lt;1832&gt;; Bull, Goulding &amp; Co., &lt;1841&gt;; S.W. Flournoy, T. Ragland, W.B. Ector, &lt;1844&gt;; Thomas Ragland &amp; Co., &lt;1851-1860&gt;.</subfield></datafield><datafield ind1=" " ind2=" " tag="500"><subfield code="a">"Whig," &lt;1844&gt;.</subfield></datafield><datafield ind1=" " ind2=" " tag="515"><subfield code="a">6th vol. (Feb. 8, 1834)-8th vol. (Dec. 29, 1836) called also New ser. v. 1, no. 1-v. 3, no. 48.</subfield></datafield><datafield ind1=" " ind2=" " tag="515"><subfield code="a">Numbering is irregular.</subfield></datafield><datafield ind1=" " ind2=" " tag="530"><subfield code="a">Also on microfilm: Athens, Ga. : University of Georgia Libraries.</subfield></datafield><datafield ind1=" " ind2=" " tag="580"><subfield code="a">Triweekly ed.: Columbus enquirer tri-weekly, &lt;1855&gt;-1858.</subfield></datafield><datafield ind1=" " ind2=" " tag="580"><subfield code="a">Daily ed.: Daily Columbus enquirer (Columbus, Ga. : 1858), 1858-1861.</subfield></datafield><datafield ind1=" " ind2="0" tag="651"><subfield code="a">Columbus (Ga.)</subfield><subfield code="v">Newspapers.</subfield></datafield><datafield ind1=" " ind2="0" tag="651"><subfield code="a">Muscogee County (Ga.)</subfield><subfield code="v">Newspapers.</subfield></datafield><datafield ind1=" " ind2="7" tag="655"><subfield code="a">Newspapers.</subfield><subfield code="2">fast</subfield><subfield code="0">(OCoLC)fst01423814</subfield></datafield><datafield ind1=" " ind2="7" tag="651"><subfield code="a">Georgia</subfield><subfield code="z">Columbus.</subfield><subfield code="2">fast</subfield><subfield code="0">(OCoLC)fst01214575</subfield></datafield><datafield ind1=" " ind2="7" tag="651"><subfield code="a">Georgia</subfield><subfield code="z">Muscogee County.</subfield><subfield code="2">fast</subfield><subfield code="0">(OCoLC)fst01216552</subfield></datafield><datafield ind1=" " ind2=" " tag="752"><subfield code="a">United States</subfield><subfield code="b">Georgia</subfield><subfield code="c">Muscogee</subfield><subfield code="d">Columbus.</subfield></datafield><datafield ind1="1" ind2=" " tag="775"><subfield code="t">Columbus enquirer tri-weekly</subfield><subfield code="w">(DLC)sn 84024795</subfield><subfield code="w">(OCoLC)11294430</subfield></datafield><datafield ind1="1" ind2=" " tag="775"><subfield code="t">Daily Columbus enquirer (Columbus, Ga. : 1858)</subfield><subfield code="w">(DLC)sn 84024796</subfield><subfield code="w">(OCoLC)11294561</subfield></datafield><datafield ind1="0" ind2="0" tag="785"><subfield code="t">Weekly Columbus enquirer (Columbus, Ga. : 1861)</subfield><subfield code="w">(DLC)sn 84024802</subfield><subfield code="w">(OCoLC)11331214</subfield></datafield><datafield ind1=" " ind2=" " tag="938"><subfield code="a">Kirtas Technologies, Inc.</subfield><subfield code="b">KRTS</subfield><subfield code="n">736036</subfield></datafield></record>